%% This BibTeX bibliography file was created using BibDesk.
%% http://bibdesk.sourceforge.net/

%% Created for Carlos Reyes at 2018-03-08 22:52:33 -0600 


%% Saved with string encoding Unicode (UTF-8) 



@article{
    stephenW1982,
	Author = {S. Wolfram},
	Journal = {Caltech Preprint},
	Title = {Cellular Automata as Simple Self-Organizing Systems},
	Year = {1982}}

@book{vonNeuman1966,
	Author = {Neumann John von},
	Publisher = {University of Illinois Press},
	Title = {Theory of self-reproducing automata},
	Year = {1966}
	}

@article{adamanstky2010,
	Author = {A. Adamatzky and {, G.~J.{ Martínez}} },
	Date-Added = {2018-03-09 04:09:07 +0000},
	Date-Modified = {2018-03-09 04:23:31 +0000},
	Journal = {Kybernetes,},
	Number = {Issue 1},
	Title = {On generative morphological Diversity of elementary cellular automata},
	Volume = {39},
	Year = {2010}}

@article{redeker2013,
	Author = { {M. Redeker}  and {A. Adamatzky} and {G.~J. {Martínez}} },
	Date-Added = {2018-03-09 04:02:39 +0000},
	Date-Modified = {2018-03-09 04:08:54 +0000},
	Journal = {International Journal of Modern Physics C},
	Number = {Issue 3},
	Title = {Expressiveness of Elementary Cellular Automata},
	Volume = {24},
	Year = {2013}}

@book{AndrewW1992,
	Author = { { A. Wuensche} and  {M. Lesser} },
	Date-Added = {2017-08-31 18:21:46 +0000},
	Date-Modified = {2018-03-09 04:49:37 +0000},
	Publisher = {Addison-Wesley Publishing Company},
	Title = {The global dynamics of Cellular Automata},
	Year = {1992}}

@book{melanieM2009,
	Author = {Melanie Mitchell},
	Publisher = {Oxford University Press, Inc.},
	Title = {Complexity: a guided tour},
	Year = {2009}}

@book{yaneerB1997,
	Author = {Yaneer Bar-Yam},
	Publisher = {Addison-Wesley},
	Title = {Dynamics of Complex Systems},
	Year = {1997}}

@article{stephenW1985,
	Author = {S. Wolfram},
	Journal = {Physica Scripta},
	Pages = {170-183},
	Title = {Twenty Problems in the Theory of Cellular Automata},
	Volume = {T9},
	Year = {1985}}
	
	
@article{meanField,
	Author = {H. Gutowitz },
	Date-Added = {2017-11-22 20:06:10 +0000},
	Date-Modified = {2017-11-22 20:14:27 +0000},
	Title = {Mean Field vs. Wolfram Classification of Cellular Automata},
	year = {1989}
	}
	
	
@phdthesis{genaroDoc,
	Author = {{Martínez}, G.~J.},
	Date-Added = {2017-11-22 19:58:45 +0000},
	Date-Modified = {2017-11-22 20:00:53 +0000},
	Title = {Procedimiento para producir comportamientos complejos en regla 110},
	school ={Centro de Investigación y de Estudios Avanzados del IPN}, 
  year =         {2006},
	
	}

@ARTICLE{ecam,
   author = {{Martínez}, G.~J.},
    title = "{A Note on Elementary Cellular Automata Classification}",
    journal   = {J. Cellular Automata},
  volume    = {8},
  number    = {3-4},
  pages     = {233--259},
  year      = {2013}
}

@article{culik1989,
  author    = { Karel Culik and
               Simant Dube},
  title     = {Fractal and Recurrent Behavior of Cellular Automata},
  journal   = {Complex Systems},
  volume    = {3},
  number    = {3},
  year      = {1989}
}

	
@mastersthesis{genaroMaes,
	Author = {{Martínez}, G.~J.} ,
	School = {Centro de Investigación y de Estudios Avanzados del IPN},
	Title = {Teor{\'\i}a del campo promedio en aut{\'o}matas celulares similares a "The game of life"},
	Year = {2000}}
